@online{lint,
    title     = "Lint checks",
    url       = "https://sites.google.com/a/android.com/tools/tips/lint"
}
@online{phrase,
    title     = "Phrase",
    url       = "https://github.com/square/phrase"
}
@online{plurals,
    title     = "Quantity Strings (Plurals)",
    url       = "https://developer.android.com/guide/topics/resources/string-resource.html#Plurals"
}
@online{resources,
    title     = "Localizing with resources",
    url       = "https://developer.android.com/guide/topics/resources/localization.html"
}
@online{pseudolocalization,
    title     = "Pseudolocalization: Visiting Android's Bizarro World",
    url       = "http://blog.danlew.net/2015/04/06/pseudolocalization-visiting-androids-bizarro-world/"
}
